2512 4664
556 173 561 199 l
658 186 662 199 r

91 245 112 265 ‚.

88 272 111 323 l.

142 350 225 431 ΗΘ
291 356 297 364 “
433 351 653 431 Tutanpttta
683 353 864 407 mermi.

134 558 138 568 ι
183 521 296 582 omnia
315 534 375 602 pro
394 515 652 580 solidiuersrtate
673 516 851 582 admodum
867 521 1016 598 variant3
1039 529 1139 591 emim

183 619 218 666 et
239 598 366 666 facilius
390 602 604 665 discernitur:
633 605 730 686 ligula
756 605 888 676 exserta,
910 609 1075 694 oblong23
1100 634 1141 698 pa.

183 691 314 752 niculae
328 690 425 751 tamir
439 687 497 748 sub
510 688 633 750 anthesr·
645 691 916 763 herimmannus,
928 694 1045 758 minua
1061 699 1140 772 lexic

180 776 317 838 ramulie
337 772 551 835 exterioribus
572 776 758 857 'patentibus
778 778 853 854 (nee
873 778 1139 864 diuergentibut);

182 862 291 945 gluma
315 861 470 923 corollina
492 858 610 921 maiori
630 861 883 943 quinquenerui,
904 864 1024 927 nemis
1047 870 1139 932 laten.

181 948 268 1008 libus
294 947 330 1006 in
346 964 521 1031 mucrones
542 944 779 1019 desinentibua3
812 946 924 1012 calicia
944 942 1071 1029 carina,
1089 973 1138 1016 vat

109 1048 112 1056 ·
167 1051 259 1093 ¹cum
278 1031 368 1092 rachi
389 1045 422 1092 et
443 1030 614 1112 paniculae
634 1031 751 1102 ramie,
772 1031 876 1119 magia
894 1033 1044 1120 hispida.
1098 1060 1102 1065 ¹

126 1147 301 1225 ,Lernam
328 1146 406 1208 icon
429 1149 468 1205 A.
493 1143 589 1203 albae
618 1145 759 1224 optima,
792 1144 945 1230 panicula
979 1172 1061 1215 vero
1085 1169 1138 1214 noa

180 1230 307 1314 semper
330 1228 500 1292 verticillie
518 1244 585 1291 tam
611 1227 713 1290 densis
733 1245 771 1303 et*
785 1232 976 1296 multifluus
1001 1236 1137 1308 oc'curric

114 1370 117 1375 .
177 1330 216 1378 vt
244 1337 260 1381 a
286 1318 446 1377 Lnunsro
478 1310 741 1397 repraesentatur.
792 1317 994 1381 varietatem
1020 1325 1058 1399 β.
1090 1323 1137 1383 line

180 1399 313 1490 Agrost.
338 1400 526 1480 capillarem
548 1401 687 1462 Lerne.
712 1402 878 1484 propriam
905 1402 1056 1488 speciem
1078 1427 1136 1469 con-

178 1486 307 1549 stituere
328 1505 398 1548 non
416 1485 513 1566 polle,
536 1484 601 1545 iam
617 1483 684 1568 ipse
699 1486 878 1549 Laenates
902 1488 953 1551 sus
979 1492 1085 1555 icatuo
1098 1491 1137 1565 el,

178 1588 214 1635 et
235 1590 346 1633 reuera
370 1571 499 1633 nonnisi
522 1567 643 1632 florum
667 1572 774 1632 colore
801 1574 840 1633 ab
861 1583 902 1637 A.
927 1514 1012 1638 aida
1035 1576 1137 1648 differt,

177 1673 215 1719 vt
240 1660 372 1741 cuique,
394 1669 566 1738 utramque
587 1657 731 1736 plantam
753 1658 948 1732 conferenti,
982 1663 1079 1726 facile
1098 1686 1139 1747 pa·

177 1744 271 1805 tebit.
304 1750 343 1807 A.
360 1754 533 1802 coarctata
547 1743 690 1812 Earum,
711 1741 752 1802 ad
768 1746 961 1807 varietatem
985 1752 1024 1823 β.
1047 1750 1140 1821 relata,

63 1890 65 1895 ,
178 1829 219 1889 ab
239 1833 279 1891 A.
297 1826 601 1906 capillariLunna.
622 1846 690 1887 non
711 1825 835 1890 diuersa
862 1829 923 1903 est3
956 1830 1041 1894 folia
1062 1836 1139 1905 enim

113 1908 116 1913 ’
178 1911 358 1998 angustiora
386 1910 452 1973 solo
476 1912 556 1985 sicco
582 1911 790 1973 adscribenda
812 1913 902 1987 sunt,''
931 1931 966 1979 et
988 1921 1139 2001 panicula,

179 2018 282 2081 aeque
298 2018 337 2059 ae
353 2000 389 2057 in
406 2017 473 2058 var.
489 2021 518 2058 e.
537 2015 566 2072 γ.
583 2013 615 2057 et
628 1996 673 2066 δ.,
692 1998 751 2059 sub
765 1996 971 2064 florescentia
992 2008 1139 2092 explicata

180 2097 322 2169 apparet.
338 2119 381 2130 —
403 2083 519 2143 Variet.
535 2102 582 2156 iu
603 2084 754 2166 panicula
774 2086 1045 2169 purpurascente,
1064 2093 1139 2153 vele

177 2166 429 2256 purpurascentp
448 2183 481 2229 et
496 2167 594 2227 viridi
618 2169 716 2237 naria,
736 2171 791 2229 vel
811 2172 883 2254 plue
909 2177 1028 2239 minue
1048 2176 1160 2251 albidi¹

135 2272 150 2309 ²·
166 2258 368 2322 ¹occurrens,
392 2267 517 2338 praeter
539 2251 662 2315 aristam
687 2253 854 2336 exiguam,
886 2261 996 2322 rarius
1018 2264 1137 2326 calicem

176 2342 397 2406 excedentem,
421 2358 504 2423 quae
525 2339 559 2395 in
577 2339 746 2400 nonnullis
767 2338 902 2404 floribus
923 2342 985 2408 sub
1010 2349 1135 2411 corollae

175 2427 448 2510 apieeprouenit,
481 2426 515 2482 in
542 2425 693 2485 omnibus
720 2425 851 2510 reliquie
874 2453 903 2487 u.
922 2446 955 2490 et
977 2435 1013 2505 β.
1041 2435 1135 2493 similit

175 2511 229 2573 est.
253 2544 296 2585 «η-
338 2516 377 2572 A.
399 2511 500 2569 dubia
525 2512 654 2570 Lanae.
683 2510 791 2592 quoad
820 2510 1079 2602 descriptionem
1107 2516 1129 2579 al

177 2603 218 2662 A.
239 2590 418 2684 eompreffa
438 2598 591 2659 Wruun.
615 2594 737 2655 diuersa
761 2596 900 2660 videtur.

78 2716 81 2723 '
130 2710 263 2780 Nomen
290 2711 462 2792 antiquum
483 2711 708 2769 Linnaeanum
725 2723 849 2771 mutare
863 2713 971 2782 nolui,
995 2714 1132 2797 quamuit

172 2797 299 2859 nonnisi
320 2796 443 2876 primae
458 2810 490 2871 et
512 2793 645 2880 quidem
663 2794 775 2854 rariori
797 2796 949 2858 varietati
969 2813 1132 2884 competat.

129 2909 217 2972 Cum
236 2907 505 2992 praecedentibus
521 2904 679 2966 conuenit
694 2907 810 2967 culmis
823 2911 986 2973 teretibus
1004 2916 1131 2997 vaginie

172 3014 235 3078 que
256 2994 372 3077 glabris
397 3009 430 3054 et
451 2987 605 3054 calicibus
632 2989 823 3074 compressu.

554 3128 705 3152 ...φ-..-

126 3241 299 3305 Character
310 3238 436 3325 generis
445 3240 653 3301 Linnaeanue
665 3236 800 3323 quadrat
811 3250 939 3300 tantum
958 3240 997 3301 in
1010 3235 1126 3330 Agufi·

165 3341 360 3410 pztngentem
379 3341 410 3387 et
424 3345 542 3406 paucas
564 3329 641 3387 alias
666 3325 804 3408 speciem
834 3344 850 3383 a
873 3327 1018 3410 reliquie
1038 3328 1126 3392 omui-

88 3404 91 3411 ’
164 3414 226 3474 bus
242 3410 423 3494 longissime
438 3413 568 3471 recedit.
598 3412 706 3492 Quare
721 3409 792 3469 istae
807 3411 919 3491 potius
929 3411 1056 3498 Crypsi,
1066 3428 1125 3475 cum

163 3519 227 3581 qua
243 3500 277 3556 in
293 3499 447 3558 omnibu'e
463 3501 551 3556 notis
564 3510 756 3580 congruunt,
770 3494 1037 3561 adnumeratrdaa
1049 3514 1124 3583 puto.

161 3583 204 3644 Vt
222 3585 342 3643 limites
364 3583 515 3657 certiores
532 3582 618 3641 inter
634 3579 780 3664 Agrostin
799 3596 831 3641 et
851 3577 961 3641 affinia
970 3580 1126 3647 ‘nonnulli

162 3688 279 3752 genera
307 3660 489 3752 ponantur,
523 3688 561 3728 ex
585 3666 770 3751 speciebue,
805 3664 845 3724 ad
862 3666 1010 3751 Agrestis
1036 3686 1126 3754 genet

160 3757 291 3824 relatas,
326 3753 463 3813 excludo
488 3752 595 3814 adhue
620 3776 644 3814 r.
668 3771 800 3818 omnes,
832 3754 955 3812 corolla
987 3753 1126 3818 vniualni

84 3840 87 3847 “
160 3834 341 3907 instructae,
362 3859 444 3922 quae
464 3840 527 3899 iam
536 3837 755 3903 Trichodium
770 3834 995 3913 constituunt3
1022 3863 1047 3903 τ.
1060 3855 1124 3924 qaa-

159 3942 233 3982 rum
257 3921 351 3983 flores
375 3926 477 4006 magis
499 3926 654 3986 minusue
678 3923 850 3984 ventriculi
876 3922 909 3984 et
929 3945 1067 4007 quarum
1087 3919 1124 3983 se·

158 4012 249 4069 mina
273 4009 392 4070 corolla
410 4008 543 4068 demum
563 4011 768 4092 cartilaginea
789 4008 948 4070 corticata
967 4010 1120 4096 reperiun-

158 4105 228 4168 tur;
263 4114 452 4180 3.qua1um
477 4096 598 4160 corolla
621 4108 716 4162 extus
744 4093 930 4163 luculenter
956 4096 1036 4179 pilia
1058 4110 1117 4179 per·
