2542 4666
157 321 237 417 308
390 286 400 301 Χ
449 290 668 395 adrassus
701 328 881 385 statuis.

195 500 269 561 culo
288 494 408 577 stipata.
425 529 467 542 -
489 495 579 556 Haec
592 491 635 555 est
649 491 822 580 descriptio
839 501 996 582 graminis
1015 503 1052 565 in
1068 506 1178 586 pratis·

194 601 228 647 et
247 584 318 645 aliis
340 581 506 643 fertilibus
528 582 611 653 locis
633 581 720 640 haud
739 580 928 665 infrequens
948 591 1169 651 occurrentis.

194 674 233 735 ln
253 667 430 731 nemorosis
447 666 721 746 prouenientibus
735 667 932 738 indiuiduis,
954 674 1058 734 culmi
1075 675 1169 737 altio-

192 775 253 831 res,
277 754 473 835 graciliores,
496 753 646 835 panicula
662 751 777 821 maior,
792 757 926 815 ramulis
942 757 1037 817 valde
1058 758 1170 822 diuer-

193 842 357 926 geutibns.
405 837 548 899 Gramen
575 851 688 897 contra
716 834 785 900 solo
817 838 898 902 liceo
929 855 962 901 et
992 841 1089 904 [letili
1118 846 1168 905 in-

191 924 338 992 nascens,
360 921 507 989 radicem'
529 922 627 983 habet
655 920 892 1004 subrepentem,
946 931 1094 990 auciorss
1120 931 1168 995 so-

190 1015 314 1075 liorum
335 1007 504 1070 fasciculos
528 1022 560 1069 et
593 1008 703 1066 nullos
727 1022 782 1071 aut
803 948 1005 1073 b'reuisssmos
1035 1029 1168 1077 tantum

190 1097 330 1159 stolones
350 1097 567 1161 emittentem,
586 1092 738 1154 culmum·
753 1096 859 1178 magis
877 1114 1032 1171 erectum,
1058 1102 1169 1161 humi·

128 1220 136 1245 .·
190 1187 319 1251 liorem,
348 1179 523 1262 pedicellos
547 1180 652 1260 magis
678 1180 872 1250 incrassatos.
895 1183 1012 1245 calices
1033 1187 1165 1250 breuio-

187 1289 250 1338 res,
274 1264 597 1328 ouato-lanceolatos
612 1284 689 1324 cum
705 1264 861 1328 omuibus
874 1269 1019 1351 partibus
1035 1274 1165 1336 tenuio-

187 1357 281 1417 ribus
298 1371 336 1412 ac
356 1351 551 1411 minoribus.
591 1349 699 1410 Huius
713 1351 870 1432 graminis
890 1351 1002 1415 ilatum
1021 1354 1165 1442 designat

152 1476 164 1485 .‚
183 1435 322 1526 ,Agrost
333 1437 523 1497 discaricata
530 1436 683 1497 Horror.
701 1452 733 1497 et
735 1428 945 1525 stolonifera
954 1443 1163 1508 EstnnAnrr

86 1544 89 1555 ·
188 1527 405 1599 aliorumque.

144 1640 215 1702 Var.
232 1639 267 1713 β.
291 1631 401 1716 palstm
428 1632 612 1699 occurrens,
635 1652 652 1692 a
673 1629 821 1693 Trichod.
842 1637 969 1706 cortino,
992 1656 1069 1699 cum
1095 1660 1161 1722 quo

187 1724 230 1784 ob
252 1720 345 1782 flores
368 1716 516 1781 cristatos.
536 1716 698 1781 confundi
723 1716 835 1799 pollet,
858 1734 984 1802 praeter
1005 1727 1160 1787 corollam

163 1801 367 1873 ‘biualnem
391 1803 479 1866 haud
502 1801 635 1864 difficile
663 1802 870 1886 distinguitur
897 1803 985 1871 soliis
1012 1809 1160 1871 radicali.

183 1894 245 1955 bus
266 1891 289 1953 s.
311 1892 423 1976 potius
445 1887 673 1951 fasciculorum
706 1888 794 1950 haud
815 1887 965 1964 letacei03
997 1898 1159 1977 geniculis

183 1977 397 2040 inferioribus
414 1996 586 2059 nunquam
601 1972 757 2040 soliorum
776 1972 945 2039 fasciculos
966 1981 1159 2059 protrudenf

183 2066 289 2137 tibus]
310 2065 410 2151 ligula
427 2058 626 2133 breuissima3
648 2061 794 2128 racheos,
807 2063 978 2144 paniculae
991 2086 1157 2129 ramorum

150 2222 153 2229 Ι
183 2166 216 2212 et
234 2148 352 2212 florum
370 2145 538 2231 superficie
553 2147 665 2207 minus
680 2144 825 2227 hispida;
847 2152 880 2208 dt
903 2149 993 2232 quod
1004 2151 1157 2236 plerique

171 2235 277 2298 'flores
299 2236 432 2304 musici,
459 2232 635 2316 pauciores
662 2252 742 2292 vero·
773 2229 860 2291 arista
887 2235 1035 2298 instructi
1062 2240 1155 2300 inue-

182 2324 331 2382 niuntur.
351 2360 354 2367 ·
376 2316 472 2379 Arilla
494 2319 528 2378 in
551 2318 613 2377 hac
637 2318 738 2400 inque
757 2318 952 2379 varietates.
982 2341 1020 2380 ex
1049 2343 1153 2386 neruo

182 2406 299 2471 dorsali
322 2405 404 2464 iusta
425 2403 573 2463 medium
593 2405 711 2468 oriens,
736 2407 844 2462 variae
860 2404 902 2463 esi
925 2405 1152 2488 longitudinis,

181 2509 213 2555 et
232 2493 332 2555 modo
353 2489 456 2571 supra,
483 2487 582 2550 modo
599 2487 679 2546 insrn
708 2492 845 2549 corollae
870 2493 994 2570 apicem
1021 2498 1151 2576 genien.

178 2580 240 2638 lata
259 2591 399 2661 apparet.
442 2578 509 2634 Vur.
527 2598 555 2644 γ.
576 2577 749 2654 praecipue
768 2578 801 2632 in
827 2576 904 2636 locis
926 2579 1013 2638 siccis
1035 2601 1150 2661 prone.

178 2668 284 2736 niens,
308 2664 430 2741 semper
458 2660 500 2718 est
522 2657 655 2718 staturae
686 2662 871 2720 lnrmilioris
897 2677 928 2722 et
957 2667 1058 2725 rarius
1082 2670 1149 2727 alti-

178 2752 330 2812 tudinem
352 2746 581 2824 semipedalem
601 2749 740 2827 attingit.
788 2747 873 2805 Num
898 2749 995 2808 etiarn
1017 2753 1056 2809 ad
1078 2754 1148 2812 vlti-

177 2856 265 2896 mam
292 2836 493 2897 varietatem,
517 2850 554 2891 ex
580 2831 627 2890 Cl.
650 2834 900 2893 Srutu'uuerrtr
924 2835 1149 2898 obseruatione

177 2942 193 2983 a
220 2941 306 2981 noua
330 2919 480 2979 animalis
503 2916 655 2977 infusorii
677 2916 795 3000 specie,
815 2919 977 2981 ‘Vibrione
996 2923 1146 3004 Agrostis,

175 3006 388 3089 productam,
420 3006 471 3063 vel
499 3001 538 3060 ad
567 3000 732 3084 sequentis
762 3001 880 3084 speciei
910 3009 1098 3069 varietatem
1119 3012 1145 3070 d.

174 3094 337 3175 pertineat
363 3085 494 3176 Agrost'.
519 3082 691 3178 sysuutica
713 3091 942 3161 Serrusmttr,
979 3096 1146 3156 Wnnnffl

175 3192 207 3238 et
225 3172 553 3244 Boncmmmmn,
577 3173 750 3235 diiudicari
772 3176 897 3257 nequit.

132 3292 510 3392 Agreststosonrferom
525 3303 655 3361 Lesas.
675 3297 810 3357 eandem
834 3298 893 3362 esse
910 3301 1052 3381 plantam
1069 3322 1144 3363 cum

174 3399 214 3454 A.
236 3391 388 3467 vulgari,
419 3390 515 3446 icone
538 3399 570 3445 et
591 3384 807 3463 descriptione
828 3386 866 3444 ab
891 3403 929 3447 eo
956 3386 1028 3446 data
1055 3391 1143 3448 euin-

172 3480 272 3547 citur;
305 3478 341 3535 A.
360 3492 439 3531 vero
460 3472 649 3548 capillarum
676 3469 821 3529 eiusdem
847 3474 1000 3536 atrctoris,
1028 3492 1043 3530 a
1072 3475 1142 3555 plu.

171 3564 261 3622 ribus
279 3561 344 3620 huc
359 3561 504 3623 relatam,
524 3557 563 3615 ad
586 3563 624 3616 A.
644 3555 752 3614 olbam
773 3556 945 3634 pertinere,
967 3560 1086 3638 pariter
1105 3579 1142 3617 ex

170 3649 267 3708 icone
287 3659 319 3705 ct
345 3642 561 3725 descriptione
584 3642 749 3700 Leersrans
774 3640 888 3700 elucet.
910 3677 952 3686 -
990 3642 1141 3731 Agrostis

165 3723 363 3820 ssolonisera
377 3731 474 3790 Herb.
485 3731 658 3790 LtrsNAur
674 3729 727 3800 (A.
739 3727 944 3785 verticilsata
960 3728 997 3788 V
994 3751 1007 3786 ι
1011 3751 1056 3792 tu
1058 3753 1083 3791 A
1088 3754 1139 3791 nu.

170 3819 296 3896 Desph.
318 3840 343 3876 ι.
368 3836 459 3897 pn.
489 3816 580 3892 Spes.
597 3813 704 3890 plaut.
726 3813 774 3869 ed.
788 3813 945 3871 Wtuus).
969 3834 991 3873 ι.
1012 3837 1043 3895 p.
1059 3822 1140 3892 574),

168 3905 318 3989 panicula
337 3915 368 3959 et
385 3900 539 3959 calicibus
558 3897 705 3980 vndique
722 3895 893 3978 hispidulis
915 3900 1089 3978 astrigeri
1110 3914 1141 3959 et

168 3988 405 4072 congeneribue
432 3985 503 4045 satis
529 3981 687 4051 distincta,
718 3986 753 4040 iu
772 3983 953 4054 Germania,
978 3998 1138 4067 quantum

166 4074 243 4145 scio,
265 4073 414 4135 nondum
430 4072 565 4131 inuenta
587 4065 639 4128 est.
